<record><leader>00000cas a2200000 i 4500</leader><controlfield tag="001">815795644</controlfield><controlfield tag="008">121102c20119999cauwr ne      |    0ara c</controlfield><datafield ind1=" " ind2=" " tag="010"><subfield code="a">  2012223289</subfield></datafield><datafield ind1=" " ind2=" " tag="040"><subfield code="a">CLU</subfield><subfield code="b">eng</subfield><subfield code="e">rda</subfield><subfield code="c">CLU</subfield><subfield code="d">CLU</subfield><subfield code="d">OCLCQ</subfield><subfield code="d">CRL</subfield><subfield code="d">OCLCF</subfield></datafield><datafield ind1=" " ind2=" " tag="066"><subfield code="c">(3</subfield></datafield><datafield ind1="0" ind2=" " tag="041"><subfield code="a">ara</subfield><subfield code="a">eng</subfield></datafield><datafield ind1=" " ind2=" " tag="042"><subfield code="a">pcc</subfield></datafield><datafield ind1=" " ind2=" " tag="043"><subfield code="a">a-iq---</subfield></datafield><datafield ind1="0" ind2=" " tag="130"><subfield code="6">880-01</subfield><subfield code="a">Ira&#772;q (Glendale, Calif.)</subfield></datafield><datafield ind1="1" ind2="3" tag="245"><subfield code="6">880-02</subfield><subfield code="a">al-Ira&#772;q.</subfield></datafield><datafield ind1="1" ind2="1" tag="246"><subfield code="a">Al-Iraq</subfield></datafield><datafield ind1=" " ind2="1" tag="264"><subfield code="a">Glendale, CA :</subfield><subfield code="b">al-Iraq,</subfield><subfield code="c">[2011]-</subfield></datafield><datafield ind1=" " ind2=" " tag="300"><subfield code="a">volumes :</subfield><subfield code="b">ilustrations ;</subfield><subfield code="c">42 cm</subfield></datafield><datafield ind1=" " ind2=" " tag="310"><subfield code="a">Weekly,</subfield><subfield code="b">&lt;3 Aug. 2011-&gt;</subfield></datafield><datafield ind1=" " ind2=" " tag="321"><subfield code="a">Bimonthly,</subfield><subfield code="b">Apr. 2011-</subfield></datafield><datafield ind1=" " ind2=" " tag="336"><subfield code="a">text</subfield><subfield code="b">txt</subfield><subfield code="2">rdacontent</subfield></datafield><datafield ind1=" " ind2=" " tag="337"><subfield code="a">unmediated</subfield><subfield code="b">n</subfield><subfield code="2">rdamedia</subfield></datafield><datafield ind1=" " ind2=" " tag="338"><subfield code="a">volume</subfield><subfield code="b">nc</subfield><subfield code="2">rdacarrier</subfield></datafield><datafield ind1="1" ind2=" " tag="362"><subfield code="a">Began with al-&#699;adad 1. (Ti&#772;ssa&#772;n/Ma&#772;yis 2011).</subfield></datafield><datafield ind1=" " ind2=" " tag="546"><subfield code="a">Chiefly Arabic; some English.</subfield></datafield><datafield ind1=" " ind2=" " tag="588"><subfield code="a">Description based on: al-&#699;Adad 1. (Ni&#772;&#772;sa&#772;n/Ma&#772;yis 2011); title from caption.</subfield></datafield><datafield ind1=" " ind2=" " tag="588"><subfield code="a">Latest issue consulted: al-&#699;Adad 21 (1. min Tammu&#772;z 2012).</subfield></datafield><datafield ind1=" " ind2="0" tag="651"><subfield code="a">Iraq</subfield><subfield code="v">Newspapers.</subfield></datafield><datafield ind1=" " ind2="7" tag="655"><subfield code="a">Newspapers.</subfield><subfield code="2">fast</subfield><subfield code="0">(OCoLC)fst01423814</subfield></datafield><datafield ind1=" " ind2="7" tag="651"><subfield code="a">Iraq.</subfield><subfield code="2">fast</subfield><subfield code="0">(OCoLC)fst01205757</subfield></datafield><datafield ind1=" " ind2=" " tag="752"><subfield code="a">United States</subfield><subfield code="b">California</subfield><subfield code="c">Los Angeles</subfield><subfield code="d">Glendale.</subfield></datafield><datafield ind1="0" ind2="8" tag="776"><subfield code="i">Online version:</subfield><subfield code="t">Ira&#772;q (Glendale, Calif.)</subfield><subfield code="w">(DLC)  2014225053</subfield><subfield code="w">(OCoLC)878079204</subfield></datafield><datafield ind1="0" ind2=" " tag="880"><subfield code="6">130-01/(3/r</subfield><subfield code="a">&#1593;&#1585;&#1575;&#1602; (Glendale, Calif.)</subfield></datafield><datafield ind1="1" ind2="2" tag="880"><subfield code="6">245-02/(3/r</subfield><subfield code="a">&#1575;&#1604;&#1593;&#1585;&#1575;&#1602;.</subfield></datafield></record>